<?xml version="1.0" encoding="UTF-8"?><record xmlns="http://www.loc.gov/MARC21/slim" xmlns:cinclude="http://apache.org/cocoon/include/1.0" xmlns:zs="http://www.loc.gov/zing/srw/">
  <leader>00489cz  a2200145n  4500</leader>
  <controlfield tag="001">n  99025798 </controlfield>
  <controlfield tag="003">DLC</controlfield>
  <controlfield tag="005">20001205070313.0</controlfield>
  <controlfield tag="008">990401n| acannaabn          |a aaa      </controlfield>
  <datafield tag="010" ind1=" " ind2=" ">
    <subfield code="a">n  99025798 </subfield>
  </datafield>
  <datafield tag="035" ind1=" " ind2=" ">
    <subfield code="a">(OCoLC)oca04957078</subfield>
  </datafield>
  <datafield tag="040" ind1=" " ind2=" ">
    <subfield code="a">DLC</subfield>
    <subfield code="b">eng</subfield>
    <subfield code="c">DLC</subfield>
    <subfield code="d">OCoLC</subfield>
  </datafield>
  <datafield tag="100" ind1="1" ind2=" ">
    <subfield code="a">Pálházyné Halázsi, Kinga</subfield>
  </datafield>
  <datafield tag="400" ind1="1" ind2=" ">
    <subfield code="a">Halázsi, Kinga Pálházyné</subfield>
  </datafield>
  <datafield tag="670" ind1=" " ind2=" ">
    <subfield code="a">Mikrocenzus, 1996. Az aktív keresők munkahelye és lakóhelye, 1998:</subfield>
    <subfield code="b">verso t.p. (dr. Pálházyné Halázsi Kinga)</subfield>
  </datafield>
</record>